<collection xmlns="http://www.loc.gov/MARC21/slim">
<record>
  <leader>01075nam0a22002411i 450 </leader>
  <controlfield tag="001">IT\ICCU\CNCE\058105</controlfield>
  <controlfield tag="005">20040511000000.0</controlfield>
  <datafield tag="100" ind1=" " ind2=" ">
    <subfield code="a">20040511d1546        0itac0103    ba</subfield>
  </datafield>
  <datafield tag="101" ind1=" " ind2=" ">
    <subfield code="a">ITA</subfield>
  </datafield>
  <datafield tag="102" ind1=" " ind2=" ">
    <subfield code="a">IT</subfield>
  </datafield>
  <datafield tag="200" ind1="1" ind2=" ">
    <subfield code="a">Gloria d&apos;amore, strambotti de laude, mattinate, littere d&apos;amore ...</subfield>
  </datafield>
  <datafield tag="210" ind1=" " ind2=" ">
    <subfield code="e">In Milano</subfield>
    <subfield code="g">per Ioanne Antonio da Borgo</subfield>
    <subfield code="h">1546</subfield>
  </datafield>
  <datafield tag="215" ind1=" " ind2=" ">
    <subfield code="a">36 c.</subfield>
    <subfield code="d">4ʻ</subfield>
  </datafield>
  <datafield tag="620" ind1=" " ind2=" ">
    <subfield code="a">IT</subfield>
    <subfield code="d">Milano</subfield>
  </datafield>
  <datafield tag="700" ind1=" " ind2="1">
    <subfield code="a">Alessandri,</subfield>
    <subfield code="b">Caio Baldassarre Olimpo</subfield>
    <subfield code="3">IT\ICCU\CNCA\000586</subfield>
  </datafield>
  <datafield tag="712" ind1="0" ind2="0">
    <subfield code="a">Borgo, Giovanni Antonio</subfield>
    <subfield code="3">IT\ICCU\CNCT\000048</subfield>
    <subfield code="4">650</subfield>
  </datafield>
  <datafield tag="790" ind1=" " ind2="0">
    <subfield code="a">Olimpo</subfield>
    <subfield code="c"> : da#Sassoferrato</subfield>
    <subfield code="3">IT\ICCU\CNCA\012294</subfield>
    <subfield code="z">Alessandri, Caio Baldassarre Olimpo</subfield>
  </datafield>
  <datafield tag="791" ind1="0" ind2="0">
    <subfield code="a">Borgio, Antonio</subfield>
    <subfield code="3">IT\ICCU\CNCT\003623</subfield>
    <subfield code="z">Borgo, Giovanni Antonio</subfield>
  </datafield>
  <datafield tag="791" ind1="0" ind2="0">
    <subfield code="a">Burgius, Antonius</subfield>
    <subfield code="3">IT\ICCU\CNCT\004753</subfield>
    <subfield code="z">Borgo, Giovanni Antonio</subfield>
  </datafield>
  <datafield tag="791" ind1="0" ind2="0">
    <subfield code="a">Borgia, Giovanni Antonio</subfield>
    <subfield code="3">IT\ICCU\CNCT\004754</subfield>
    <subfield code="z">Borgo, Giovanni Antonio</subfield>
  </datafield>
  <datafield tag="791" ind1="0" ind2="0">
    <subfield code="a">Burgo, Ioannes Antonius de</subfield>
    <subfield code="3">IT\ICCU\CNCT\004755</subfield>
    <subfield code="z">Borgo, Giovanni Antonio</subfield>
  </datafield>
  <datafield tag="791" ind1="0" ind2="2">
    <subfield code="a">Ioannes Antonio da Borgho</subfield>
    <subfield code="3">IT\ICCU\CNCT\004756</subfield>
    <subfield code="z">Borgo, Giovanni Antonio</subfield>
  </datafield>
  <datafield tag="801" ind1=" " ind2="3">
    <subfield code="a">IT</subfield>
    <subfield code="b">ICCU</subfield>
    <subfield code="c">20201115</subfield>
  </datafield>
</record>
</collection>
